
@string{acm-sigcomm = " {ACM} SIGCOMM "};   # as in the conference
@string{proc = "Proceedings of the "};

@article{stehman1997selecting,
  title={Selecting and interpreting measures of thematic classification accuracy},
  author={Stehman, Stephen V},
  journal={Remote sensing of Environment},
  volume={62},
  number={1},
  pages={77--89},
  year={1997},
  publisher={Elsevier}
}


@article{breiman2001random,
  title={Random forests},
  author={Breiman, Leo},
  journal={Machine learning},
  volume={45},
  number={1},
  pages={5--32},
  year={2001},
  publisher={Springer}
}

@book{silent,
  title={Silent spring},
  author={Carson, Rachel},
  year={2002},
  publisher={Houghton Mifflin Harcourt}
}

@article{bagging,
  title={Bagging predictors},
  author={Breiman, Leo},
  journal={Machine learning},
  volume={24},
  number={2},
  pages={123--140},
  year={1996},
  publisher={Springer}
}
